[gd_scene load_steps=8 format=3 uid="uid://cypcbcnnyjsnr"]

[ext_resource type="Script" path="res://plugins/physics/tilting_doll.gd" id="1_bx0i3"]
[ext_resource type="PackedScene" uid="uid://dp8ygyskybbcn" path="res://game/world/camera/camera.tscn" id="2_baogj"]
[ext_resource type="PackedScene" uid="uid://cbph7nvfwv4nb" path="res://game/network/sync.tscn" id="3_6qi3d"]

[sub_resource type="PhysicsMaterial" id="PhysicsMaterial_1s6nb"]

[sub_resource type="CapsuleShape3D" id="CapsuleShape3D_46j1h"]
height = 4.0

[sub_resource type="SphereShape3D" id="SphereShape3D_jfhxv"]
radius = 0.808312

[sub_resource type="BoxShape3D" id="BoxShape3D_g8alb"]
size = Vector3(1, 0.0853424, 1.01587)

[node name="TiltingDoll" type="RigidBody3D" node_paths=PackedStringArray("camera_pivot")]
collision_layer = 3
collision_mask = 3
mass = 10.0
physics_material_override = SubResource("PhysicsMaterial_1s6nb")
gravity_scale = 2.0
center_of_mass_mode = 1
continuous_cd = true
angular_damp = 5.0
script = ExtResource("1_bx0i3")
SPEED = 5
JUMP_VELOCITY = 2.0
JUMP_WALK_VELOCITY = 0.17
camera_pivot = NodePath("Foot/Camera")

[node name="BodyShape" type="CollisionShape3D" parent="."]
transform = Transform3D(1, 0, 0, 0, 1, 0, 0, 0, 1, 0.000594079, 1.8092, -0.00883055)
shape = SubResource("CapsuleShape3D_46j1h")

[node name="HeadShape" type="CollisionShape3D" parent="."]
transform = Transform3D(1, 0, 0, 0, 1, 0, 0, 0, 1, 0.000594079, 3.49526, -0.00883055)
shape = SubResource("SphereShape3D_jfhxv")

[node name="FloorArea" type="Area3D" parent="."]
unique_name_in_owner = true
transform = Transform3D(1, 0, 0, 0, 1, 0, 0, 0, 1, 0, 0.00873584, -1.03846)
collision_layer = 0
collision_mask = 3
monitorable = false

[node name="CollisionShape3D" type="CollisionShape3D" parent="FloorArea"]
transform = Transform3D(0.998621, 0, -0.0524928, 0, 1, 0, 0.0524928, 0, 0.998621, -0.0138874, -0.320346, 1.01745)
shape = SubResource("BoxShape3D_g8alb")
disabled = true

[node name="FloorRays" type="Node3D" parent="."]
unique_name_in_owner = true
transform = Transform3D(1, 0, 0, 0, 1, 0, 0, 0, 1, 0, -0.190544, 0)

[node name="FloorRay" type="RayCast3D" parent="FloorRays"]
transform = Transform3D(1, 0, 0, 0, 1, 0, 0, 0, 1, 0, -0.0718338, 0)
target_position = Vector3(0, -0.7, 0)
collision_mask = 3
hit_from_inside = true

[node name="FloorRay2" type="RayCast3D" parent="FloorRays"]
transform = Transform3D(1, 0, 0, 0, 1, 0, 0, 0, 1, 0.396467, 0.100665, 0)
target_position = Vector3(0, -0.7, 0)
collision_mask = 3
hit_from_inside = true

[node name="FloorRay3" type="RayCast3D" parent="FloorRays"]
transform = Transform3D(1, 0, 0, 0, 1, 0, 0, 0, 1, -0.334334, 0.100665, 0)
target_position = Vector3(0, -0.7, 0)
collision_mask = 3
hit_from_inside = true

[node name="FloorRay4" type="RayCast3D" parent="FloorRays"]
transform = Transform3D(1, 0, 0, 0, 1, 0, 0, 0, 1, 0, 0.100665, 0.361348)
target_position = Vector3(0, -0.7, 0)
collision_mask = 3
hit_from_inside = true

[node name="FloorRay5" type="RayCast3D" parent="FloorRays"]
transform = Transform3D(1, 0, 0, 0, 1, 0, 0, 0, 1, 0, 0.100665, -0.329024)
target_position = Vector3(0, -0.7, 0)
collision_mask = 3
hit_from_inside = true

[node name="FloorRaysWalk" type="Node3D" parent="."]
unique_name_in_owner = true
transform = Transform3D(1, 0, 0, 0, 1, 0, 0, 0, 1, 0, -0.190544, 0)

[node name="FloorRay" type="RayCast3D" parent="FloorRaysWalk"]
transform = Transform3D(1, 0, 0, 0, 1, 0, 0, 0, 1, 0, -0.0718338, 0)
target_position = Vector3(0, -0.5, 0)
collision_mask = 3
hit_from_inside = true

[node name="FloorRay2" type="RayCast3D" parent="FloorRaysWalk"]
transform = Transform3D(1, 0, 0, 0, 1, 0, 0, 0, 1, 0.396467, 0.100665, 0)
target_position = Vector3(0, -0.5, 0)
collision_mask = 3
hit_from_inside = true

[node name="FloorRay3" type="RayCast3D" parent="FloorRaysWalk"]
transform = Transform3D(1, 0, 0, 0, 1, 0, 0, 0, 1, -0.334334, 0.100665, 0)
target_position = Vector3(0, -0.5, 0)
collision_mask = 3
hit_from_inside = true

[node name="FloorRay4" type="RayCast3D" parent="FloorRaysWalk"]
transform = Transform3D(1, 0, 0, 0, 1, 0, 0, 0, 1, 0, 0.100665, 0.361348)
target_position = Vector3(0, -0.5, 0)
collision_mask = 3
hit_from_inside = true

[node name="FloorRay5" type="RayCast3D" parent="FloorRaysWalk"]
transform = Transform3D(1, 0, 0, 0, 1, 0, 0, 0, 1, 0, 0.100665, -0.329024)
target_position = Vector3(0, -0.5, 0)
collision_mask = 3
hit_from_inside = true

[node name="Head" type="Node3D" parent="."]
unique_name_in_owner = true
transform = Transform3D(1, 0, 0, 0, 1, 0, 0, 0, 1, 0, 2.69051, 0)

[node name="Foot" type="Node3D" parent="."]
unique_name_in_owner = true

[node name="Camera" parent="Foot" node_paths=PackedStringArray("body") instance=ExtResource("2_baogj")]
unique_name_in_owner = true
transform = Transform3D(1, 0, 0, 0, 1, 0, 0, 0, 1, 0, 2.38419e-07, 0)
body = NodePath("../..")

[node name="Sync" parent="." node_paths=PackedStringArray("nodes_to_sync") instance=ExtResource("3_6qi3d")]
nodes_to_sync = [NodePath("..")]
properties_to_sync = Array[String](["position", "rotation", "linear_velocity", "angular_velocity", ""])

[connection signal="body_entered" from="FloorArea" to="." method="_on_push_area_body_entered"]
