[gd_scene load_steps=18 format=3 uid="uid://b0uke44rcjye2"]

[ext_resource type="PackedScene" uid="uid://b7kbicmxjl6if" path="res://assets/world/tent.glb" id="1_5204q"]
[ext_resource type="Texture2D" uid="uid://b8cs2vfb3cfyx" path="res://assets/world/floor.png" id="2_7kw68"]
[ext_resource type="PackedScene" uid="uid://iuo05ii2x05b" path="res://game/world/scenario/wall.tscn" id="2_ckvko"]
[ext_resource type="Material" uid="uid://cd2dckgkbr3i1" path="res://assets/materials/pink.tres" id="3_fhmol"]
[ext_resource type="PackedScene" uid="uid://lf14arllr610" path="res://assets/stairs/escada.glb" id="4_doba3"]

[sub_resource type="CylinderShape3D" id="CylinderShape3D_7tute"]
height = 1.0
radius = 80.0

[sub_resource type="StandardMaterial3D" id="StandardMaterial3D_oht0p"]
transparency = 1
albedo_texture = ExtResource("2_7kw68")

[sub_resource type="PlaneMesh" id="PlaneMesh_x71gi"]
material = SubResource("StandardMaterial3D_oht0p")
size = Vector2(160, 160)

[sub_resource type="BoxShape3D" id="BoxShape3D_63yh2"]
size = Vector3(41.5, 5, 6)

[sub_resource type="BoxMesh" id="BoxMesh_kgn72"]
material = ExtResource("3_fhmol")
size = Vector3(43, 5, 6)

[sub_resource type="BoxShape3D" id="BoxShape3D_b48y0"]
size = Vector3(18, 5, 6)

[sub_resource type="BoxMesh" id="BoxMesh_bjsfe"]
material = ExtResource("3_fhmol")
size = Vector3(18, 5, 6)

[sub_resource type="BoxShape3D" id="BoxShape3D_hmt0b"]
size = Vector3(10, 5, 6)

[sub_resource type="BoxMesh" id="BoxMesh_5pevc"]
material = ExtResource("3_fhmol")
size = Vector3(10, 5, 6)

[sub_resource type="BoxShape3D" id="BoxShape3D_uyxm3"]
size = Vector3(25, 5, 6)

[sub_resource type="BoxMesh" id="BoxMesh_8stsl"]
material = ExtResource("3_fhmol")
size = Vector3(25, 5, 6)

[sub_resource type="BoxShape3D" id="BoxShape3D_blkqg"]
size = Vector3(10, 5, 10)

[node name="Circus" type="Node3D"]

[node name="tent" parent="." instance=ExtResource("1_5204q")]
transform = Transform3D(12.5, 0, 0, 0, 14.423, 0, 0, 0, 12.5, 0, 150.307, 0)

[node name="Ground" type="StaticBody3D" parent="."]
transform = Transform3D(1.5, 0, 0, 0, 1.5, 0, 0, 0, 1.5, 0, -4, 0)
collision_mask = 3

[node name="CollisionShape3D" type="CollisionShape3D" parent="Ground"]
shape = SubResource("CylinderShape3D_7tute")

[node name="MeshInstance3D" type="MeshInstance3D" parent="Ground"]
layers = 4097
mesh = SubResource("PlaneMesh_x71gi")

[node name="Ceiling" type="StaticBody3D" parent="."]
transform = Transform3D(1.5, 0, 0, 0, 1.5, 0, 0, 0, 1.5, 0, 55, 0)
collision_mask = 3

[node name="CollisionShape3D" type="CollisionShape3D" parent="Ceiling"]
transform = Transform3D(1, 0, 0, 0, 1, 0, 0, 0, 1, 0, -5, 0)
shape = SubResource("CylinderShape3D_7tute")

[node name="OuterWalls" type="Node3D" parent="."]
transform = Transform3D(0.965926, 0, 0.258819, 0, 1, 0, -0.258819, 0, 0.965926, 0, 0, 0)
visible = false

[node name="W" type="Node3D" parent="OuterWalls"]

[node name="Wall" parent="OuterWalls/W" instance=ExtResource("2_ckvko")]
transform = Transform3D(-6.55671e-08, 0, 3, 0, 3, 0, -1.5, 0, -1.31134e-07, 116, 2, 0)

[node name="W2" type="Node3D" parent="OuterWalls"]
transform = Transform3D(0.866026, 0, 0.5, 0, 1, 0, -0.5, 0, 0.866026, 0, 0, 0)

[node name="Wall" parent="OuterWalls/W2" instance=ExtResource("2_ckvko")]
transform = Transform3D(-6.55671e-08, 0, 3, 0, 3, 0, -1.5, 0, -1.31134e-07, 116, 2, 0)

[node name="W3" type="Node3D" parent="OuterWalls"]
transform = Transform3D(0.5, 0, 0.866026, 0, 1, 0, -0.866026, 0, 0.5, 0, 0, 0)

[node name="Wall" parent="OuterWalls/W3" instance=ExtResource("2_ckvko")]
transform = Transform3D(-6.55671e-08, 0, 3, 0, 3, 0, -1.5, 0, -1.31134e-07, 116, 2, 0)

[node name="W4" type="Node3D" parent="OuterWalls"]
transform = Transform3D(-4.37114e-08, 0, 1, 0, 1, 0, -1, 0, -4.37114e-08, 0, 0, 0)

[node name="Wall" parent="OuterWalls/W4" instance=ExtResource("2_ckvko")]
transform = Transform3D(-6.55671e-08, 0, 3, 0, 3, 0, -1.5, 0, -1.31134e-07, 116, 2, 0)

[node name="W5" type="Node3D" parent="OuterWalls"]
transform = Transform3D(-2.98023e-08, 0, 1, 0, 1, 0, -1, 0, -2.98023e-08, 0, 0, 0)

[node name="Wall" parent="OuterWalls/W5" instance=ExtResource("2_ckvko")]
transform = Transform3D(-6.55671e-08, 0, 3, 0, 3, 0, -1.5, 0, -1.31134e-07, 116, 2, 0)

[node name="W6" type="Node3D" parent="OuterWalls"]
transform = Transform3D(-0.5, 0, 0.866026, 0, 1, 0, -0.866026, 0, -0.5, 0, 0, 0)

[node name="Wall" parent="OuterWalls/W6" instance=ExtResource("2_ckvko")]
transform = Transform3D(-6.55671e-08, 0, 3, 0, 3, 0, -1.5, 0, -1.31134e-07, 116, 2, 0)

[node name="W7" type="Node3D" parent="OuterWalls"]
transform = Transform3D(-0.866026, 0, 0.5, 0, 1, 0, -0.5, 0, -0.866026, 0, 0, 0)

[node name="Wall" parent="OuterWalls/W7" instance=ExtResource("2_ckvko")]
transform = Transform3D(-6.55671e-08, 0, 3, 0, 3, 0, -1.5, 0, -1.31134e-07, 116, 2, 0)

[node name="W8" type="Node3D" parent="OuterWalls"]
transform = Transform3D(-1, 0, -5.96046e-08, 0, 1, 0, 5.96046e-08, 0, -1, 0, 0, 0)

[node name="Wall" parent="OuterWalls/W8" instance=ExtResource("2_ckvko")]
transform = Transform3D(-6.55671e-08, 0, 3, 0, 3, 0, -1.5, 0, -1.31134e-07, 116, 2, 0)

[node name="W9" type="Node3D" parent="OuterWalls"]
transform = Transform3D(-1, 0, -5.96046e-08, 0, 1, 0, 5.96046e-08, 0, -1, 0, 0, 0)

[node name="Wall" parent="OuterWalls/W9" instance=ExtResource("2_ckvko")]
transform = Transform3D(-6.55671e-08, 0, 3, 0, 3, 0, -1.5, 0, -1.31134e-07, 116, 2, 0)

[node name="W10" type="Node3D" parent="OuterWalls"]
transform = Transform3D(-0.866026, 0, -0.5, 0, 1, 0, 0.5, 0, -0.866026, 0, 0, 0)

[node name="Wall" parent="OuterWalls/W10" instance=ExtResource("2_ckvko")]
transform = Transform3D(-6.55671e-08, 0, 3, 0, 3, 0, -1.5, 0, -1.31134e-07, 116, 2, 0)

[node name="W11" type="Node3D" parent="OuterWalls"]
transform = Transform3D(-0.5, 0, -0.866026, 0, 1, 0, 0.866026, 0, -0.5, 0, 0, 0)

[node name="Wall" parent="OuterWalls/W11" instance=ExtResource("2_ckvko")]
transform = Transform3D(-6.55671e-08, 0, 3, 0, 3, 0, -1.5, 0, -1.31134e-07, 116, 2, 0)

[node name="W12" type="Node3D" parent="OuterWalls"]
transform = Transform3D(8.9407e-08, 0, -1, 0, 1, 0, 1, 0, 8.9407e-08, 0, 0, 0)

[node name="Wall" parent="OuterWalls/W12" instance=ExtResource("2_ckvko")]
transform = Transform3D(-6.55671e-08, 0, 3, 0, 3, 0, -1.5, 0, -1.31134e-07, 116, 2, 0)

[node name="W13" type="Node3D" parent="OuterWalls"]
transform = Transform3D(5.96046e-08, 0, -1, 0, 1, 0, 1, 0, 5.96046e-08, 0, 0, 0)

[node name="Wall" parent="OuterWalls/W13" instance=ExtResource("2_ckvko")]
transform = Transform3D(-6.55671e-08, 0, 3, 0, 3, 0, -1.5, 0, -1.31134e-07, 116, 2, 0)

[node name="W14" type="Node3D" parent="OuterWalls"]
transform = Transform3D(0.5, 0, -0.866026, 0, 1, 0, 0.866026, 0, 0.5, 0, 0, 0)

[node name="Wall" parent="OuterWalls/W14" instance=ExtResource("2_ckvko")]
transform = Transform3D(-6.55671e-08, 0, 3, 0, 3, 0, -1.5, 0, -1.31134e-07, 116, 2, 0)

[node name="W15" type="Node3D" parent="OuterWalls"]
transform = Transform3D(0.866027, 0, -0.5, 0, 1, 0, 0.5, 0, 0.866027, 0, 0, 0)

[node name="Wall" parent="OuterWalls/W15" instance=ExtResource("2_ckvko")]
transform = Transform3D(-6.55671e-08, 0, 3, 0, 3, 0, -1.5, 0, -1.31134e-07, 116, 2, 0)

[node name="W16" type="Node3D" parent="OuterWalls"]
transform = Transform3D(1, 0, 5.96046e-08, 0, 1, 0, -5.96046e-08, 0, 1, 0, 0, 0)

[node name="Wall" parent="OuterWalls/W16" instance=ExtResource("2_ckvko")]
transform = Transform3D(-6.55671e-08, 0, 3, 0, 3, 0, -1.5, 0, -1.31134e-07, 116, 2, 0)

[node name="InnerWalls" type="Node3D" parent="."]
transform = Transform3D(1.25, 0, 0, 0, 1, 0, 0, 0, 1.25, 0, -1, 0)

[node name="Northwall" type="StaticBody3D" parent="InnerWalls"]
transform = Transform3D(-4.37114e-08, 0, 1, 0, 1, 0, -1, 0, -4.37114e-08, 34.39, 0, 0)
collision_layer = 4097

[node name="CollisionShape3D" type="CollisionShape3D" parent="InnerWalls/Northwall"]
shape = SubResource("BoxShape3D_63yh2")

[node name="MeshInstance3D" type="MeshInstance3D" parent="InnerWalls/Northwall"]
mesh = SubResource("BoxMesh_kgn72")

[node name="Southwall" type="StaticBody3D" parent="InnerWalls"]
transform = Transform3D(-4.37114e-08, 0, 1, 0, 1, 0, -1, 0, -4.37114e-08, -34.39, 0, 0)
collision_layer = 4097

[node name="CollisionShape3D" type="CollisionShape3D" parent="InnerWalls/Southwall"]
shape = SubResource("BoxShape3D_63yh2")

[node name="MeshInstance3D" type="MeshInstance3D" parent="InnerWalls/Southwall"]
mesh = SubResource("BoxMesh_kgn72")

[node name="NortheastWall" type="Node3D" parent="InnerWalls"]
transform = Transform3D(0.866025, 0, 0.5, 0, 1, 0, -0.5, 0, 0.866025, 6.23707, 0, 36.1118)

[node name="Wall3" type="StaticBody3D" parent="InnerWalls/NortheastWall"]
collision_layer = 4097

[node name="CollisionShape3D" type="CollisionShape3D" parent="InnerWalls/NortheastWall/Wall3"]
shape = SubResource("BoxShape3D_b48y0")

[node name="MeshInstance3D" type="MeshInstance3D" parent="InnerWalls/NortheastWall/Wall3"]
mesh = SubResource("BoxMesh_bjsfe")

[node name="Wall7" type="StaticBody3D" parent="InnerWalls/NortheastWall"]
transform = Transform3D(1, 0, 0, 0, 1, 0, 0, 0, 1, 25.2716, 0, -0.105011)
collision_layer = 4097

[node name="CollisionShape3D" type="CollisionShape3D" parent="InnerWalls/NortheastWall/Wall7"]
shape = SubResource("BoxShape3D_b48y0")

[node name="MeshInstance3D" type="MeshInstance3D" parent="InnerWalls/NortheastWall/Wall7"]
mesh = SubResource("BoxMesh_bjsfe")

[node name="NortheastWall2" type="Node3D" parent="InnerWalls"]
transform = Transform3D(0.866025, 0, -0.5, 0, 1, 0, 0.5, 0, 0.866025, 6.237, 0, -36.112)

[node name="Wall3" type="StaticBody3D" parent="InnerWalls/NortheastWall2"]
collision_layer = 4097

[node name="CollisionShape3D" type="CollisionShape3D" parent="InnerWalls/NortheastWall2/Wall3"]
shape = SubResource("BoxShape3D_b48y0")

[node name="MeshInstance3D" type="MeshInstance3D" parent="InnerWalls/NortheastWall2/Wall3"]
mesh = SubResource("BoxMesh_bjsfe")

[node name="Wall7" type="StaticBody3D" parent="InnerWalls/NortheastWall2"]
transform = Transform3D(1, 0, 0, 0, 1, 0, 0, 0, 1, 25.2716, 0, -0.105011)
collision_layer = 4097

[node name="CollisionShape3D" type="CollisionShape3D" parent="InnerWalls/NortheastWall2/Wall7"]
shape = SubResource("BoxShape3D_b48y0")

[node name="MeshInstance3D" type="MeshInstance3D" parent="InnerWalls/NortheastWall2/Wall7"]
mesh = SubResource("BoxMesh_bjsfe")

[node name="SouthwestWall" type="Node3D" parent="InnerWalls"]
transform = Transform3D(0.866025, 0, 0.5, 0, 1, 0, -0.5, 0, 0.866025, -11.435, 0, -33.0999)

[node name="Wall8" type="StaticBody3D" parent="InnerWalls/SouthwestWall"]
transform = Transform3D(1, 0, 0, 0, 1, 0, 0, 0, 1, -23.1797, 0, 0.0837708)
collision_layer = 4097

[node name="CollisionShape3D" type="CollisionShape3D" parent="InnerWalls/SouthwestWall/Wall8"]
shape = SubResource("BoxShape3D_hmt0b")

[node name="MeshInstance3D" type="MeshInstance3D" parent="InnerWalls/SouthwestWall/Wall8"]
mesh = SubResource("BoxMesh_5pevc")

[node name="Wall4" type="StaticBody3D" parent="InnerWalls/SouthwestWall"]
transform = Transform3D(1, 0, 0, 0, 1, 0, 0, 0, 1, 2.452, 0, 0.042)
collision_layer = 4097

[node name="CollisionShape3D" type="CollisionShape3D" parent="InnerWalls/SouthwestWall/Wall4"]
shape = SubResource("BoxShape3D_uyxm3")

[node name="MeshInstance3D" type="MeshInstance3D" parent="InnerWalls/SouthwestWall/Wall4"]
transform = Transform3D(1, 0, 0, 0, 1, 0, 0, 0, 1, 0, 0, 0.042)
mesh = SubResource("BoxMesh_8stsl")

[node name="SoutheastWall" type="Node3D" parent="InnerWalls"]
transform = Transform3D(-0.866025, 0, 0.5, 0, 1, 0, -0.5, 0, -0.866025, -23.003, 0, 26.593)

[node name="Wall8" type="StaticBody3D" parent="InnerWalls/SoutheastWall"]
transform = Transform3D(1, 0, 0, 0, 1, 0, 0, 0, 1, -23.1797, 0, 0.0837708)
collision_layer = 4097

[node name="CollisionShape3D" type="CollisionShape3D" parent="InnerWalls/SoutheastWall/Wall8"]
shape = SubResource("BoxShape3D_hmt0b")

[node name="MeshInstance3D" type="MeshInstance3D" parent="InnerWalls/SoutheastWall/Wall8"]
mesh = SubResource("BoxMesh_5pevc")

[node name="Wall4" type="StaticBody3D" parent="InnerWalls/SoutheastWall"]
transform = Transform3D(1, 0, 0, 0, 1, 0, 0, 0, 1, 2.473, 0, 0.156)
collision_layer = 4097

[node name="CollisionShape3D" type="CollisionShape3D" parent="InnerWalls/SoutheastWall/Wall4"]
shape = SubResource("BoxShape3D_uyxm3")

[node name="MeshInstance3D" type="MeshInstance3D" parent="InnerWalls/SoutheastWall/Wall4"]
transform = Transform3D(1, 0, -3.27826e-07, 0, 1, 0, 3.27826e-07, 0, 1, 0, 0, 0)
mesh = SubResource("BoxMesh_8stsl")

[node name="Stairs" type="Node3D" parent="."]

[node name="Wall9" type="StaticBody3D" parent="Stairs"]
transform = Transform3D(-4.37114e-08, -0.5, -0.866025, 0, 0.866025, -0.5, 1, -2.18557e-08, -3.78552e-08, 36.2693, -3.17, 0)
collision_layer = 4097

[node name="CollisionShape3D" type="CollisionShape3D" parent="Stairs/Wall9"]
shape = SubResource("BoxShape3D_blkqg")

[node name="escada" parent="Stairs/Wall9" instance=ExtResource("4_doba3")]
transform = Transform3D(-4.98701, 3.74822e-16, -3.79276e-07, 2.17989e-07, 2.16674, -2.1692, 3.77568e-07, -1.25097, -3.75717, -9.57577, -7.8033, -12.8385)

[node name="Wall12" type="StaticBody3D" parent="Stairs"]
transform = Transform3D(0.866025, 0.25, 0.433013, 0, 0.866025, -0.5, -0.5, 0.433013, 0.75, 11.2164, -3.17, 51.009)
collision_layer = 4097

[node name="CollisionShape3D" type="CollisionShape3D" parent="Stairs/Wall12"]
shape = SubResource("BoxShape3D_blkqg")

[node name="escada" parent="Stairs/Wall12" instance=ExtResource("4_doba3")]
transform = Transform3D(-4.98701, 7.66478e-16, -3.79276e-07, 2.17989e-07, 2.16674, -2.1692, 3.77568e-07, -1.25097, -3.75717, -9.57577, -7.8033, -12.8385)

[node name="Wall13" type="StaticBody3D" parent="Stairs"]
transform = Transform3D(-0.864272, -0.249494, -0.432136, 0, 0.864272, -0.498988, 0.498988, -0.432136, -0.748482, -16.617, -3.17, -47.7164)
collision_layer = 4097

[node name="CollisionShape3D" type="CollisionShape3D" parent="Stairs/Wall13"]
shape = SubResource("BoxShape3D_blkqg")

[node name="escada" parent="Stairs/Wall13" instance=ExtResource("4_doba3")]
transform = Transform3D(-4.98701, 7.66478e-16, -3.79276e-07, 2.17989e-07, 2.16674, -2.1692, 3.77568e-07, -1.25097, -3.75717, -9.57577, -7.8033, -12.8385)

[node name="Wall11" type="StaticBody3D" parent="Stairs"]
transform = Transform3D(-4.37114e-08, 0.5, 0.866025, 0, 0.866025, -0.5, -1, -2.18557e-08, -3.78552e-08, -36.2693, -3.17, 0)
collision_layer = 4097

[node name="CollisionShape3D" type="CollisionShape3D" parent="Stairs/Wall11"]
transform = Transform3D(1, 0, -3.55271e-15, 0, 1, 8.27353e-16, 0, 8.27352e-16, 1, 0, 0, 0)
shape = SubResource("BoxShape3D_blkqg")

[node name="escada" parent="Stairs/Wall11" instance=ExtResource("4_doba3")]
transform = Transform3D(-4.98701, 7.66478e-16, -3.79276e-07, 2.17989e-07, 2.16674, -2.1692, 3.77568e-07, -1.25097, -3.75717, -9.57577, -7.8033, -12.8385)
